@article{wallace1992jpeg,
  title={The JPEG still picture compression standard},
  author={Wallace, Gregory K},
  journal={IEEE transactions on consumer electronics},
  volume={38},
  number={1},
  pages={xviii--xxxiv},
  year={1992},
  publisher={IEEE}
}

